% Encoding: UTF-8

@article{di2017nextflow,
  title={Nextflow enables reproducible computational workflows},
  author={Di Tommaso, Paolo and Chatzou, Maria and Floden, Evan W and Barja, Pablo Prieto and Palumbo, Emilio and Notredame, Cedric},
  journal={Nature Biotechnology},
  volume={35},
  number={4},
  pages={316--319},
  year={2017},
  publisher={Nature Research}
},
 @article{li2013aligning,
  title={Aligning sequence reads, clone sequences and assembly contigs with BWA-MEM},
  author={Li, Heng},
  journal={arXiv preprint arXiv:1303.3997},
  year={2013}
}
@article{li2009sequence,
  title={The sequence alignment/map format and SAMtools},
  author={Li, Heng and Handsaker, Bob and Wysoker, Alec and Fennell, Tim and Ruan, Jue and Homer, Nils and Marth, Gabor and Abecasis, Goncalo and Durbin, Richard},
  journal={Bioinformatics},
  volume={25},
  number={16},
  pages={2078--2079},
  year={2009},
  publisher={Oxford University Press}
}
@article{langmead2012fast,
  title={Fast gapped-read alignment with Bowtie 2},
  author={Langmead, Ben and Salzberg, Steven L},
  journal={Nature methods},
  volume={9},
  number={4},
  pages={357--359},
  year={2012},
  publisher={Nature Research}
}
@article{dugar2013high,
  title={High-resolution transcriptome maps reveal strain-specific regulatory features of multiple Campylobacter jejuni isolates},
  author={Dugar, Gaurav and Herbig, Alexander and F{\"o}rstner, Konrad U and Heidrich, Nadja and Reinhardt, Richard and Nieselt, Kay and Sharma, Cynthia M},
  journal={PLoS genetics},
  volume={9},
  number={5},
  pages={e1003495},
  year={2013},
  publisher={Public Library of Science}
}
@article{di2017nextflow,
	Author = {Di Tommaso, Paolo and Chatzou, Maria and Floden, Evan W and Barja, Pablo Prieto and Palumbo, Emilio and Notredame, Cedric},
	Date = {2017/04//print},
	Date-Added = {2017-07-05 17:15:25 +0000},
	Date-Modified = {2017-07-05 17:15:25 +0000},
	Isbn = {1087-0156},
	Journal = {Nat Biotech},
	L3 = {10.1038/nbt.3820; http://www.nature.com/nbt/journal/v35/n4/abs/nbt.3820.html#supplementary-information},
	M3 = {Opinion and Comment},
	Month = {04},
	Number = {4},
	Pages = {316--319},
	Publisher = {Nature Publishing Group, a division of Macmillan Publishers Limited. All Rights Reserved.},
	Title = {Nextflow enables reproducible computational workflows},
	Ty = {JOUR},
	Url = {http://dx.doi.org/10.1038/nbt.3820},
	Volume = {35},
	Year = {2017},
	Bdsk-Url-1 = {http://dx.doi.org/10.1038/nbt.3820}}

@article{snakemake,
author = {Koester, Johannes and Rahmann, Sven},
title = {Snakemake - a scalable bioinformatics workflow engine},
journal = {Bioinformatics},
volume = {28},
number = {19},
pages = {2520},
year = {2012},
doi = {10.1093/bioinformatics/bts480},
URL = { + http://dx.doi.org/10.1093/bioinformatics/bts480},
eprint = {/oup/backfile/content_public/journal/bioinformatics/28/19/10.1093/bioinformatics/bts480/2/bts480.pdf}
}